\usepackage[backend=biber]{biblatex} 

@Article{de2022game,
  title        = {Game Design: Plataforma gamificada como inovação tecnológica na educação},
  author       = {de Andrade, Bruna Raphaela Ferreira and Ruschival, Claudete Barbosa and Rocha, Augusto César Barreto},
  journal      = {DAT Journal},
  volume       = {7},
  number       = {1},
  pages        = {291--306},
  year         = {2022}
}

@Book{campbell1989heroi,
  title        = {O Herói de Mil Faces},
  author       = {Campbell, Joseph},
  year         = {1989},
  publisher    = {Cholsamaj Fundacion}
}

@Inproceedings{hamari2014does,
  title        = {Does Gamification Work?--A Literature Review of Empirical Studies on Gamification},
  author       = {Hamari, Juho and Koivisto, Jonna and Sarsa, Harri},
  booktitle    = {2014 47th Hawaii International Conference on System Sciences},
  pages        = {3025--3034},
  year         = {2014},
  organization = {IEEE}
}

@Article{detecnicas,
  title        = {Técnicas de Gamificação Aplicadas no Auxílio da Aprendizagem de Programação em Linguagem C},
  author       = {de Oliveira, Leonam Cordeiro},
  year         = {2013},
  journal      = {Rotman School of Management - University of Toronto}
}

@Article{kroneidolo,
  title        = {O Ídolo de Iguape},
  author       = {Krone, Ricardo},
  journal      = {Revista do Instituto Histórico},
  year         = {n.d.}
}

@Article{seaborn2015gamification,
  title        = {Gamification in Theory and Action: A Survey},
  author       = {Seaborn, Katie and Fels, Deborah I.},
  journal      = {International Journal of Human-Computer Studies},
  volume       = {74},
  pages        = {14--31},
  year         = {2015},
  publisher    = {Elsevier}
}

@Misc{questatlantis,
  title        = {Quest Atlantis},
  author       = {Sasha Barab},
  year         = {n.d.},
  url          = {https://sashabarab.org/projects/quest-atlantis/}
}

@Misc{3dgameLab,
  title        = {3DGameLab},
  author       = {Rezzly},
  year         = {n.d.},
  url          = {https://rezzly.freshdesk.com/support/home}
}

@Misc{classcraft,
  title        = {Class Craft},
  author       = {HMH Co.},
  year         = {n.d.},
  url          = {https://www.hmhco.com/programs/classcraft?srsltid=AfmBOorxjRTsZxLZzqUfJ3qxCwcD9H758XaO-OtbRMNyUx09cgNIU9dN}
}

@Misc{matific,
  title        = {Matific},
  author       = {Matific},
  year         = {n.d.},
  url          = {https://www.matific.com/bra/pt-br/home/}
}




@Comment{jabref-meta: databaseType:biblatex;}
